<?xml version="1.0" encoding="UTF-8"?><record xmlns="http://www.loc.gov/MARC21/slim" xmlns:cinclude="http://apache.org/cocoon/include/1.0" xmlns:zs="http://www.loc.gov/zing/srw/">
  <leader>01518cz  a2200217n  4500</leader>
  <controlfield tag="001">nr 96040636 </controlfield>
  <controlfield tag="003">DLC</controlfield>
  <controlfield tag="005">20120809085520.0</controlfield>
  <controlfield tag="008">961112n| acannaabn          |a aaa     c</controlfield>
  <datafield tag="010" ind1=" " ind2=" ">
    <subfield code="a">nr 96040636 </subfield>
  </datafield>
  <datafield tag="035" ind1=" " ind2=" ">
    <subfield code="a">(OCoLC)oca04210357</subfield>
  </datafield>
  <datafield tag="040" ind1=" " ind2=" ">
    <subfield code="a">NN</subfield>
    <subfield code="b">eng</subfield>
    <subfield code="c">NN</subfield>
    <subfield code="d">OCoLC</subfield>
    <subfield code="d">DLC</subfield>
  </datafield>
  <datafield tag="100" ind1="1" ind2=" ">
    <subfield code="a">Buckingham and Chandos, Alice Anne,</subfield>
    <subfield code="c">Duchess of</subfield>
  </datafield>
  <datafield tag="400" ind1="1" ind2=" ">
    <subfield code="a">Chandos, Alice Anne,</subfield>
    <subfield code="c">Duchess of Buckingham and</subfield>
  </datafield>
  <datafield tag="400" ind1="1" ind2=" ">
    <subfield code="a">Egerton, Alice Anne Montgomery Egerton,</subfield>
    <subfield code="c">Countess</subfield>
  </datafield>
  <datafield tag="400" ind1="1" ind2=" ">
    <subfield code="a">Grenville, Alice Anne,</subfield>
    <subfield code="c">Duchess of Buckingham and Chandos</subfield>
  </datafield>
  <datafield tag="667" ind1=" " ind2=" ">
    <subfield code="a">THIS 1XX FIELD CANNOT BE USED UNDER RDA UNTIL THIS RECORD HAS BEEN REVIEWED AND/OR UPDATED</subfield>
  </datafield>
  <datafield tag="670" ind1=" " ind2=" ">
    <subfield code="a">Vajiravudh, King of Siam. The war of the Polish succession, 1901</subfield>
    <subfield code="b">(name not given; NYPL copy inscribed from the author to "Her Grace, the Duchess of Buckingham and Chandos ... December 1901")</subfield>
  </datafield>
  <datafield tag="670" ind1=" " ind2=" ">
    <subfield code="a">RLIN, 11-12-96</subfield>
    <subfield code="b">(hdg.: Egerton, Alice Anne Montgomery Egerton, Countess; usage: Duchess of Buckingham &amp; Chandos)</subfield>
  </datafield>
  <datafield tag="670" ind1=" " ind2=" ">
    <subfield code="a">Who was who, v. 3</subfield>
    <subfield code="b">(Buckingham and Chandos, Duchess of, Alice Anne, author, daughter of Sir Graham Montgomery, 3rd Bt. of Stanhope, m. 1st (1885), 3rd Duke of Buckingham and Chandos (d. 1889), m. 2nd (1894), 2nd Baron Egerton of Tatton, created Earl, 1897 (d. 1909); d. Sept. 15, 1931)</subfield>
  </datafield>
  <datafield tag="670" ind1=" " ind2=" ">
    <subfield code="a">DNB</subfield>
    <subfield code="b">(under: Grenville, Richard Plantagenet Campbell Temple Nugent Brydges Chandos, 3rd Duke of Buckingham and Chandos, 1823-1889, statesman: the Duke m. 2nd (Feb. 17, 1885) Alice Anne, daughter of Sir Graham Graham Montgomery, bart.)</subfield>
  </datafield>
</record>